@book{croll2013lean,
  title={Lean analytics: Use data to build a better startup faster},
  author={Croll, Alistair and Yoskovitz, Benjamin},
  year={2013},
  publisher={O'Reilly Media, Inc.}
},
@book{gothelf2013lean,
  title={Lean UX: Applying lean principles to improve user experience},
  author={Gothelf, Jeff},
  year={2013},
  publisher={O'Reilly Media, Inc.}
},
@book{humble2017lean,
    title={Lean enterprise: Mit agilen Methoden zum innovativen Unternehmen},
    author={Humble, Jez and Molesky, Joanne and O'Reilly, Barry},
    year={2017},
    publisher={d.punkt.verlag GmbH}
},
@book{ries2014lean,
  title={Lean Startup: Schnell, risikolos und erfolgreich Unternehmen gr{\"u}nden},
  author={Ries, Eric},
  year={2014},
  publisher={Redline Wirtschaft}
},
@techreport{fowler2014bound,
    title={BoundedContext},
    author={Fowler, Martin},
    year={2014},
    address={https://martinfowler.com/bliki/BoundedContext.html},
    institution={martinfowler.com}
}